% Encoding: UTF-8

@inproceedings{fair_minimization,
	author = {Gurumurthy, Sankar and Bloem, Roderick and Somenzi, Fabio},
	title = {Fair Simulation Minimization},
	booktitle = {Proceedings of the 14th International Conference on Computer Aided Verification},
	series = {CAV '02},
	year = {2002},
	isbn = {3-540-43997-8},
	pages = {610--624},
	numpages = {15},
	url = {http://dl.acm.org/citation.cfm?id=647771.734423},
	acmid = {734423},
	publisher = {Springer-Verlag},
	address = {London, UK, UK}
}
@inproceedings{advanced_minimization,
	author = {Mayr, Richard and Clemente, Lorenzo},
	title = {Advanced Automata Minimization},
	booktitle = {Proceedings of the 40th Annual ACM SIGPLAN-SIGACT Symposium on Principles of Programming Languages},
	series = {POPL '13},
	year = {2013},
	isbn = {978-1-4503-1832-7},
	location = {Rome, Italy},
	pages = {63--74},
	numpages = {12},
	url = {http://doi.acm.org/10.1145/2429069.2429079},
	doi = {10.1145/2429069.2429079},
	acmid = {2429079},
	publisher = {ACM},
	address = {New York, NY, USA},
	keywords = {buchi automata, minimization, simulation}
}
@inproceedings{ltl_formulae,
	author = {Somenzi, Fabio and Bloem, Roderick},
	title = {Efficient B\"{u}chi Automata from LTL Formulae},
	booktitle = {Proceedings of the 12th International Conference on Computer Aided Verification},
	series = {CAV '00},
	year = {2000},
	isbn = {3-540-67770-4},
	pages = {248--263},
	numpages = {16},
	url = {http://dl.acm.org/citation.cfm?id=647769.734097},
	acmid = {734097},
	publisher = {Springer-Verlag},
	address = {London, UK, UK}
}
@article{simulation_general,
	author = {Etessami, Kousha and Wilke, Thomas and Schuller, Rebecca A.},
	title = {Fair Simulation Relations, Parity Games, and State Space Reduction for B\"{u}Chi Automata},
	journal = {SIAM J. Comput.},
	issue_date = {2005},
	volume = {34},
	number = {5},
	month = may,
	year = {2005},
	issn = {0097-5397},
	pages = {1159--1175},
	numpages = {17},
	url = {http://dx.doi.org/10.1137/S0097539703420675},
	doi = {10.1137/S0097539703420675},
	acmid = {1068418},
	publisher = {Society for Industrial and Applied Mathematics},
	address = {Philadelphia, PA, USA},
	keywords = {B\"{u}chi automata, fair simulation relations, parity games, state space reduction}
}
@ONLINE {ultimate,
    author = {Software Engineering University of Freiburg},
    title  = "{ULTIMATE} - a program analysis framework",
    month  = "feb",
    year   = "2013",
    url    = "https://ultimate.informatik.uni-freiburg.de",
	howpublished    = {\url{https://ultimate.informatik.uni-freiburg.de}}
}
@incollection{jurdz_original,
	year={2000},
	isbn={978-3-540-67141-1},
	booktitle={STACS 2000},
	volume={1770},
	series={Lecture Notes in Computer Science},
	editor={Reichel, Horst and Tison, Sophie},
	doi={10.1007/3-540-46541-3_24},
	title={Small Progress Measures for Solving Parity Games},
	url={http://dx.doi.org/10.1007/3-540-46541-3_24},
	publisher={Springer Berlin Heidelberg},
	author={Jurdzi≈Ñski, Marcin},
	pages={290-301},
	language={English}
}
@article{knaster_tarski,
	author = "Tarski, Alfred",
	fjournal = "Pacific Journal of Mathematics",
	journal = "Pacific J. Math.",
	number = "2",
	pages = "285--309",
	publisher = "Pacific Journal of Mathematics, A Non-profit Corporation",
	title = "A lattice-theoretical fixpoint theorem and its applications.",
	url = "http://projecteuclid.org/euclid.pjm/1103044538",
	volume = "5",
	year = "1955"
}
@Inbook{livestates,
	author="Tsai, Ming-Hsien and Fogarty, Seth and Y. Vardi, Moshe and Tsay, Yih-Kuen",
	editor="Michael Domaratzki, Kai Salomaa",
	chapter="State of B{\"u}chi Complementation",
	title="Implementation and Application of Automata: 15th International Conference, CIAA 2010, Winnipeg, MB, Canada, August 12-15, 2010. Revised Selected Papers",
	year="2011",
	publisher="Springer Berlin Heidelberg",
	address="Berlin, Heidelberg",
	pages="261--271",
	isbn="978-3-642-18098-9",
	doi="10.1007/978-3-642-18098-9_28",
	url="http://dx.doi.org/10.1007/978-3-642-18098-9_28"
}
@article{scc,
	author = {Robert Tarjan},
	title = {Depth-First Search and Linear Graph Algorithms},
	journal = {SIAM Journal on Computing},
	volume = {1},
	number = {2},
	pages = {146-160},
	year = {1972},
	doi = {10.1137/0201010},
	url = "http://dx.doi.org/10.1137/0201010",
	eprint = "http://dx.doi.org/10.1137/0201010"
}
@article{nwa,
	author = {Alur, Rajeev and Madhusudan, P.},
	title = {Adding Nesting Structure to Words},
	journal = {J. ACM},
	issue_date = {May 2009},
	volume = {56},
	number = {3},
	month = may,
	year = {2009},
	issn = {0004-5411},
	pages = {16:1--16:43},
	articleno = {16},
	numpages = {43},
	url = {http://doi.acm.org/10.1145/1516512.1516518},
	doi = {10.1145/1516512.1516518},
	acmid = {1516518},
	publisher = {ACM},
	address = {New York, NY, USA},
	keywords = {Pushdown automata, XML processing, software model checking, tree automata},
}
@inproceedings{vpa,
	author = {Alur, Rajeev and Madhusudan, P.},
	title = {Visibly Pushdown Languages},
	booktitle = {Proceedings of the Thirty-sixth Annual ACM Symposium on Theory of Computing},
	series = {STOC '04},
	year = {2004},
	isbn = {1-58113-852-0},
	location = {Chicago, IL, USA},
	pages = {202--211},
	numpages = {10},
	url = {http://doi.acm.org/10.1145/1007352.1007390},
	doi = {10.1145/1007352.1007390},
	acmid = {1007390},
	publisher = {ACM},
	address = {New York, NY, USA},
	keywords = {{\$\omega\$}-languages, context-free languages, logic, pushdown automata, regular tree languages, verification},
}
@article{nphard,
	author = {Schewe, Sven},
	title = {Minimisation of Deterministic Parity and Buchi Automata and Relative Minimisation of Deterministic Finite Automata},
	journal = {CoRR},
	volume = {abs/1007.1333},
	year = {2010},
	url = {http://arxiv.org/abs/1007.1333},
	timestamp = {Mon, 05 Dec 2011 18:05:31 +0100},
	biburl = {http://dblp.uni-trier.de/rec/bib/journals/corr/abs-1007-1333},
	bibsource = {dblp computer science bibliography, http://dblp.org}
}
@mastersthesis{minsevpashrinknwa,
	title = {Minimization of Nested Word Automata},
	author = {Schilling, Christian},
	year = {2013},
	school = {University of Freiburg},
	address = {Germany},
	url = {https://swt.informatik.uni-freiburg.de/staff/christian_schilling/resolveuid/338545ffd5a27feb81b64812fa46ea6b}
}
@article{randomdfa,
	author = {Almeida, Marco and Moreira, Nelma and Reis, Rog{\'{e}}rio},
	title = {Aspects of enumeration and generation with a string automata representation},
	journal = {CoRR},
	volume = {abs/0906.3853},
	year = {2009},
	url = {http://arxiv.org/abs/0906.3853},
	timestamp = {Mon, 05 Dec 2011 18:04:54 +0100},
	biburl = {http://dblp.uni-trier.de/rec/bib/journals/corr/abs-0906-3853},
	bibsource = {dblp computer science bibliography, http://dblp.org}
}
@inproceedings{buchiautomizer,
	author = {Heizmann, Matthias and Hoenicke, Jochen and Podelski, Andreas},
	title = {Termination Analysis by Learning Terminating Programs},
	booktitle = {{CAV}},
	series = {Lecture Notes in Computer Science},
	volume = {8559},
	pages = {797--813},
	publisher = {Springer},
	year = {2014},
	url = {http://ultimate.informatik.uni-freiburg.de/BuchiAutomizer}
}
@inproceedings{svcomp16,
	author = {Beyer, Dirk},
	title = {Reliable and Reproducible Competition Results with BenchExec and Witnesses (Report on SV-COMP 2016)},
	booktitle = {TACAS},
	series = {Lecture Notes in Computer Science},
	publisher = {Springer},
	year = {2016},
	url = {http://sv-comp.sosy-lab.org/2016/}
}
@inproceedings{complementautomata,
	author = {Blahoudek, Frantisek and Heizmann, Matthias and Schewe, Sven and Strejcek, Jan and Tsai, Ming-Hsien},
	title = {Complementing Semi-Deterministic B{\"{u}}chi Automata},
	booktitle = {TACAS},
	series = {Lecture Notes in Computer Science},
	publisher = {Springer},
	year = {2016}
}
@inproceedings{reducedoutdegree,
	author = {Schewe, Sven},
	title = {B{\"{u}}chi Complementation Made Tight},
	booktitle = {{STACS}},
	series = {LIPIcs},
	volume = {3},
	pages = {661--672},
	publisher = {Schloss Dagstuhl - Leibniz-Zentrum fuer Informatik, Germany},
	year = {2009}
}